% Encoding: UTF-8

@InProceedings{conf/humanoids/TohHLBZP12,
  author    = {Toh, Yue Peng and Huang, Shan and Lin, Joy and Bajzek, Maria and Zeglin, Garth and Pollard, Nancy S.},
  title     = {Dexterous telemanipulation with a multi-touch interface.},
  booktitle = {Humanoids},
  year      = {2012},
  pages     = {270-277},
  publisher = {IEEE},
  added-at  = {2013-11-11T00:00:00.000+0100},
  biburl    = {http://www.bibsonomy.org/bibtex/2ea2730692556145621a8537e5f83da3c/dblp},
  crossref  = {conf/humanoids/2012},
  ee        = {http://dx.doi.org/10.1109/HUMANOIDS.2012.6651531},
  interhash = {a300f122cfbfc8c75782306593cdc0a9},
  intrahash = {ea2730692556145621a8537e5f83da3c},
  keywords  = {dblp},
  timestamp = {2013-11-12T11:33:39.000+0100},
  url       = {http://dblp.uni-trier.de/db/conf/humanoids/humanoids2012.html#TohHLBZP12},
}

@TechReport{uhh/techrep/paramnewactions,
  author = {A. Bernardino, C. Gang, N. Hendrich},
  title  = {Parameterizing and creating new actions},
  year   = {2012},
  url    = {https://tams.informatik.uni-hamburg.de/projects/handle/HANDLE_D24.pdf},
}

@Misc{uhh/bsc/remoteuserinterface,
  author        = {U. Sch{\"{a}}fer},
  title         = {Entwurf und Implementierung eines Remote-User-Interfaces zur Robotersteuerung auf einem Tablet-PC},
  month         = nov,
  year          = {2012},
  document_type = {B.Sc. Thesis},
  school        = {Universit√§t Hamburg},
  url           = {https://tams.informatik.uni-hamburg.de/publications/2012/BSc_Ulrike_Schaefer.pdf},
}

@Comment{jabref-meta: databaseType:bibtex;}
