% Encoding: UTF-8

@Proceedings{conf:humanoids:TohHLBZP12,
  title     = {Dexterous telemanipulation with a multi-touch interface.},
  year      = {2012},
  publisher = {IEEE},
  pages     = {270-277},
  url       = {http://dblp.uni-trier.de/db/conf/humanoids/humanoids2012.html#TohHLBZP12},
  added-at  = {2013-11-11T00:00:00.000+0100},
  author    = {Toh, Yue Peng and Huang, Shan and Lin, Joy and Bajzek, Maria and Zeglin, Garth and Pollard, Nancy S.},
  biburl    = {http://www.bibsonomy.org/bibtex/2ea2730692556145621a8537e5f83da3c/dblp},
  booktitle = {Humanoids},
  crossref  = {conf/humanoids/2012},
  ee        = {http://dx.doi.org/10.1109/HUMANOIDS.2012.6651531},
  interhash = {a300f122cfbfc8c75782306593cdc0a9},
  intrahash = {ea2730692556145621a8537e5f83da3c},
  keywords  = {dblp},
  timestamp = {2013-11-12T11:33:39.000+0100},
}

@Misc{uhh:bsc:remoteuserinterface,
  author        = {U. Sch{\"{a}}fer},
  title         = {Entwurf und Implementierung eines Remote-User-Interfaces zur Robotersteuerung auf einem Tablet-PC},
  year          = {2012},
  month         = nov,
  url           = {https://tams.informatik.uni-hamburg.de/publications/2012/BSc_Ulrike_Schaefer.pdf},
  document_type = {B.Sc. Thesis},
  school        = {Universität Hamburg},
}

@TechReport{uhh:techrep:paramnewactions,
  author      = {A. Bernardino, C. Gang, N. Hendrich},
  title       = {Parameterizing and creating new actions},
  institution = {Universität Hamburg, Arbeitsbereich TKRN},
  year        = {2012},
  url         = {https://tams.informatik.uni-hamburg.de/projects/handle/HANDLE_D24.pdf},
}

@Online{web:robothand:spec,
  author    = {Shadow Robot Company},
  title     = {Shadow Dexterous Hand C5 Technical Specification},
  year      = {2008},
  url       = {http://www.shadowrobot.com/downloads/shadow_dextrous_hand_technical_specification_C5.pdf},
  urldate   = {2018-03-05},
  timestamp = {2018-05-03},
}

@Online{samsung:galaxytabs3,
  author    = {Samsung.com},
  title     = {Samsung Galaxy Tab S3 Datasheet},
  year      = {2017},
  url       = {http://www.samsung.com/de/tablets/galaxy-tab-s3-9-7-t820/SM-T820NZKADBT/},
  urldate   = {2018-03-05},
  timestamp = {2018-05-03},
}

@Conference{ros:intro,
  author      = {Quigley, Morgan and Conley, Ken and Gerkey, Brian P. and Faust, Josh and Foote, Tully and Leibs, Jeremy and Wheeler, Rob and Ng, Andrew Y.},
  title       = {ROS: an open-source Robot Operating System},
  booktitle   = {ICRA Workshop on Open Source Software},
  year        = {2009},
  added-at    = {2012-04-26T10:09:53.000+0200},
  attachments = {http://www.willowgarage.com/sites/default/files/icraoss09-ROS.pdf},
  biburl      = {https://www.bibsonomy.org/bibtex/2281f400bf541a0022e41ace75d9156ea/markusjordan88},
  interhash   = {798c35d25081ba9e72118e983fe27639},
  intrahash   = {281f400bf541a0022e41ace75d9156ea},
  keywords    = {middleware open robot ros source},
  timestamp   = {2012-09-04T12:15:20.000+0200},
}

@Online{ros:client_libraries,
  author  = {ROS.org},
  title   = {ROS: Client Libraries},
  date    = {2016-05-23},
  url     = {http://wiki.ros.org/Client%20Libraries},
  urldate = {2018-03-05},
}

@Online{ros:rosjava:readme,
  author  = {GitHub, Rosjava},
  title   = {Rosjava Readme},
  year    = {2018},
  url     = {https://github.com/rosjava/rosjava_core},
  urldate = {2018-03-05},
}

@Online{ros:install,
  author  = {ROS.org},
  title   = {ROS: Installation of ROS Kinetic on Ubuntu},
  date    = {2017-07-25},
  url     = {http://wiki.ros.org/kinetic/Installation/Ubuntu},
  urldate = {2018-03-08},
}

@Online{ros:install:catkin,
  author  = {ROS.org},
  title   = {ROS: Setting up a catkin workspace},
  date    = {2017-05-11},
  url     = {http://wiki.ros.org/catkin/Tutorials/create_a_workspace},
  urldate = {2018-03-08},
}

@Comment{jabref-meta: databaseType:biblatex;}
